<record><leader>00000cas a2200000 i 4500</leader><controlfield tag="001">858611196</controlfield><controlfield tag="007">hd a|u---baca</controlfield><controlfield tag="008">130919c19579999fludr nea     0    0spa  </controlfield><datafield ind1=" " ind2=" " tag="010"><subfield code="a">  2013218977</subfield></datafield><datafield ind1=" " ind2=" " tag="040"><subfield code="a">DLC</subfield><subfield code="b">eng</subfield><subfield code="e">rda</subfield><subfield code="c">DLC</subfield><subfield code="d">OCLCO</subfield><subfield code="d">OCLCF</subfield></datafield><datafield ind1=" " ind2=" " tag="042"><subfield code="a">pcc</subfield></datafield><datafield ind1=" " ind2=" " tag="043"><subfield code="a">s-ck---</subfield></datafield><datafield ind1="0" ind2="0" tag="050"><subfield code="a">Newspaper</subfield></datafield><datafield ind1="0" ind2=" " tag="130"><subfield code="a">Tiempo (Bogota&#769;, Colombia : 1957)</subfield></datafield><datafield ind1="1" ind2="3" tag="245"><subfield code="a">El tiempo.</subfield></datafield><datafield ind1=" " ind2="1" tag="264"><subfield code="a">[Miami, FL] :</subfield><subfield code="b">Libros Andinos</subfield></datafield><datafield ind1=" " ind2=" " tag="300"><subfield code="a">microfilm reels ;</subfield><subfield code="c">35 mm</subfield></datafield><datafield ind1=" " ind2=" " tag="310"><subfield code="a">Daily</subfield></datafield><datafield ind1=" " ind2=" " tag="336"><subfield code="a">text</subfield><subfield code="b">txt</subfield><subfield code="2">rdacontent</subfield></datafield><datafield ind1=" " ind2=" " tag="337"><subfield code="a">microform</subfield><subfield code="b">h</subfield><subfield code="2">rdamedia</subfield></datafield><datafield ind1=" " ind2=" " tag="338"><subfield code="a">microfilm reel</subfield><subfield code="b">hd</subfield><subfield code="2">rdacarrier</subfield></datafield><datafield ind1="1" ind2=" " tag="362"><subfield code="a">Began  Apr. 5, 1904.</subfield></datafield><datafield ind1=" " ind2=" " tag="588"><subfield code="a">Description based on: An&#771;o 100, no. 35.236 (21 de mayo de 2011); title from masthead.</subfield></datafield><datafield ind1=" " ind2=" " tag="588"><subfield code="a">Latest issue consulted: An&#771;o 100, no. 385.248 ( 31 de mayo de 2011).</subfield></datafield><datafield ind1=" " ind2="0" tag="651"><subfield code="a">Bogota&#769; (Colombia)</subfield><subfield code="v">Newspapers.</subfield></datafield><datafield ind1=" " ind2="7" tag="655"><subfield code="a">Newspapers.</subfield><subfield code="2">fast</subfield><subfield code="0">(OCoLC)fst01423814</subfield></datafield><datafield ind1=" " ind2="7" tag="651"><subfield code="a">Colombia</subfield><subfield code="z">Bogota&#769;.</subfield><subfield code="2">fast</subfield><subfield code="0">(OCoLC)fst01204897</subfield></datafield><datafield ind1=" " ind2=" " tag="752"><subfield code="a">Colombia</subfield><subfield code="d">Bogota&#769;.</subfield></datafield><datafield ind1="0" ind2="8" tag="776"><subfield code="i">Reproduction of (manifestation):</subfield><subfield code="s">Tiempo (Bogota&#769;, Colombia : 1957)</subfield><subfield code="t">Tiempo</subfield><subfield code="d">Bogota&#769;, Colombia</subfield><subfield code="w">(DLC)sn 93049135</subfield><subfield code="w">(OCoLC)28894254</subfield></datafield><datafield ind1="4" ind2="1" tag="856"><subfield code="u">http://www.eltiempo.com/</subfield></datafield></record>